@book{book01,
  language  = "russian",
  title     = "Конфликтология : учебник для среднего профессионального
  образования",
  author    = "Лопарев, А.~В. and Знаменский, Д.~Ю.",
  year      = 2022,
  publisher = "Издательство Юрайт",
  address   = "М.",
  pages     = 298,
  edition   = "2-е изд., испр. и доп.",
  note      = "(Профессиональное образование). — Текст : электронный //
  Образовательная платформа Юрайт [сайт]. — URL:
  \url{https://urait.ru/bcode/493048} (дата обращения: 11.04.2022)"
}

@book{book02,
  language  = "russian",
  title     = "Конфликтология : учебное пособие для среднего профессионального
  образования",
  author    = "Охременко, И. В.",
  year      = 2022,
  publisher = "Издательство Юрайт",
  address   = "М.",
  pages     = 156,
  edition   = "2-е изд., перераб. и доп.",
  note      = "(Профессиональное образование). — Текст : электронный //
  Образовательная платформа Юрайт [сайт]. — URL:
  \url{https://urait.ru/bcode/493119} (дата обращения: 11.04.2022)"
}

@book{book03,
  language  = "russian",
  title     = "Практикум по конфликтологии",
  author    = "Емельянов, С. М.",
  year      = 2009,
  publisher = "Питер",
  address   = "CПб.",
  pages     = 384,
  edition   = "3-е изд., перераб. и доп.",
  note      = "Текст : электронный // Психологическая библиотека [сайт]. — URL:
  \url{https://bookap.info/okolopsy/emelyanov_praktikum_po_konfliktologii/}
  (дата обращения: 15.04.2022)"
}

@article{article01,
  author  = "Борцой, В. С.",
  title   = "Особенности работы воспитателя по разрешению межличностных
  конфликтов детей старшего дошкольного возраста в ДОО. Профилактика конфликтов
  средствами игровой деятельности",
  journal = "Материалы конференции <<Современные педагогические
  технологии>>",
  year    = 2020,
  note    = "Текст : электронный // Педагогическое мастерство. Всероссийский
  журнал [сайт]. — URL: \url{https://www.pedm.ru/conference_notes/448} (дата
  обращения: 15.04.2022)"
}

@book{book04,
  language  = "russian",
  title     = "Конфликтология : учебное пособие для академического
  бакалавриата",
  author    = "Бунтовская, Л. Л. and Бунтовский, С. Ю. and Петренко, Т. В.",
  year      = 2019,
  publisher = "Издательство Юрайт",
  address   = "М.",
  pages     = 144,
  edition   = "2-е изд., перераб. и доп.",
  note      = "(Университеты России). — Текст : электронный //
  Образовательная платформа Юрайт [сайт]. — URL:
  \url{https://urait.ru/bcode/438316} (дата обращения: 15.04.2022)"
}

@book{book05,
  language  = "russian",
  title     = "Межличностная и деловая коммуникация: учебное пособие",
  author    = "Большаков, С. Н. and Гурушкин, П. Ю. and Коваленко, Н.
  П. and Черкашина С. А.",
  year      = 2011,
  publisher = "СПбГУ",
  address   = "СПб.",
  pages     = 179,
  note      = "Текст : электронный //
  Высшая школа журналистики и массовых коммуникаций [сайт]. — URL:
  \url{https://jf.spbu.ru/upload/files/file_1413363559_5636.pdf} (дата
  обращения: 15.04.2022)"
}

@book{book06,
  language  = "russian",
  title     = "Психология конфликта",
  author    = "Гришина, Н. В.",
  year      = 2008,
  publisher = "Питер",
  address   = "СПб.",
  edition   = "2-е изд., перераб. и доп.",
  pages     = 544,
  note      = "(Серия <<Мастера психологии>>). — Текст : электронный //
  Психологическая библиотека [сайт]. — URL:
  \url{https://bookap.info/book/grishina_psihologiya_konflikta/} (дата
  обращения: 15.04.2022)"
}

@book{book07,
  language  = "russian",
  title     = "Конфликтология : управление конфликтами : Managnent of the
  conflicts : учебник для вузов",
  author    = "Лукин, Ю. Ф.",
  year      = 2007,
  publisher = "Академический Проект and Гаудеамус",
  address   = "М.",
  pages     = 799,
  note      = "(Gaudeamus ; Фундаментальный учебник). — Текст : электронный //
  САФУ — Северный (Арктический) федеральный университет имени М.В. Ломоносова
  [сайт]. — URL:
  \url{https://narfu.ru/upload/medialibrary/5dc/konfliktologiya-uchebnik.pdf}
  (дата обращения: 15.04.2022)"
}


@article{art01,
  language = "russian",
  author   = "Кузьмина, E.~А.",
  title    = "Периоды и этапы конфликта",
  journal  = "Образовательный портал <<Справочник>>",
  note     = "URL:
              \url{https://spravochnick.ru/konfliktologiya/periody_i_etapy_konflikta/}
              (дата обращения: 15.04.2022)"

}

@book{book08,
  language  = "russian",
  title     = "Основы делового общения",
  author    = "Сорокина, А. В.",
  year      = 2017,
  publisher = "T8RUGRAM / Научная книга",
  address   = "М.",
  pages     = 160,
  note      = "URL:
  \url{https://ur-consul.ru/Bibli/Osnovy-dyelovogo-obshchyeniya.html#Osnovy-dyelovogo-obshchyeniya-Index}
  (дата обращения: 15.05.2022)"
}
